@book{nome,
	title={},
	author={},
	year={},
	publisher={},
	page={}
}

@article{nome,
	title={},
	author={},
	journal={},
	volume={},
	pages={},
	year={}
}

@electronic{nome,
	organization = "",
	urlaccessdate = "",
	url = "",
	year = 
}

@manual{nome,
	author = "{}",
	title = "",
	organization = "",
	year = ""		
}



@article{Vilson,
	title={Algoritmos Genéticos – Uma Abordagem Paralela Baseada em Populações Cooperantes},
	author={VILSON LUIZ DALLE MOLE},
	journal={},
	volume={},
	pages={97},
	year={2002}
}

@article{Jason,
	title={PARALLEL GENETIC ALGORITHM FOR AUTOMATED ELECTRONIC CIRCUIT DESIGN},
	author={Jason D.Lohn, Silvano P. Colombano, Gary L. Haith t, Dimitris Stassinopoulos},
	journal={},
	volume={},
	pages={10},
	year={2000}
}

@article{Alaoui,
	title={A Parallel Genetic Algorithm for task mapping on parallel machines},
	author={S. Mounir Alaoui, O. Frieder, and T. El-Ghazawi},
	journal={},
	volume={},
	pages={9},
	year={2000}
}